@article{vaes2023,
  title   = {Symptom-based clusters in people with ME/CFS: an illustration of clinical variety in a cross-sectional cohort},
  author  = {Vaes, Anouk W. and Van Herck, Maarten and Deng, Qichen and Delbressine, Jeannet M. and Jason, Leonard A. and Spruit, Martijn A.},
  journal = {Journal of Translational Medicine},
  year    = {2023},
  volume  = {21},
  number  = {1},
  pages   = {112},
  doi     = {10.1186/s12967-023-03946-6},
}

@dataset{vaes2023_excel,
  author       = {Vaes, Anouk W. and collaborators},
  title        = {Supplementary dataset (Excel): Additional file 3: Table S1 : 12967_2023_3946_MOESM3_ESM.xlsx},
  year         = {2023},
  publisher    = {Journal of Translational Medicine, Springer Nature},
  url          = {https://static-content.springer.com/esm/art%3A10.1186%2Fs12967-023-03946-6/MediaObjects/12967_2023_3946_MOESM3_ESM.xlsx},
  note         = {Additional file 3 from Vaes et al. (2023)}
}
